@ARTICLE{Gillon2013,
   author = {{Gillon}, M. and {Demory}, B.-O. and {Benneke}, B. and {Valencia}, D. and 
	{Deming}, D. and {Seager}, S. and {Lovis}, C. and {Mayor}, M. and 
	{Pepe}, F. and {Queloz}, D. and {S{\'e}gransan}, D. and {Udry}, S.
	},
    title = "{Improved precision on the radius of the nearby super-Earth 55 Cnc e}",
  journal = {\aap},
archivePrefix = "arXiv",
   eprint = {1110.4783},
 primaryClass = "astro-ph.EP",
 keywords = {techniques: photometric, binaries: eclipsing, planetary systems, stars: individual: 55 Cnc},
     year = 2012,
    month = mar,
   volume = 539,
      eid = {A28},
    pages = {A28},
      doi = {10.1051/0004-6361/201118309},
   adsurl = {http://cdsads.u-strasbg.fr/abs/2012A%26A...539A..28G},
  adsnote = {Provided by the SAO/NASA Astrophysics Data System}
}
@ARTICLE{Escude2013,
   author = {{Anglada-Escud{\'e}}, G. and {Rojas-Ayala}, B. and {Boss}, A.~P. and 
	{Weinberger}, A.~J. and {Lloyd}, J.~P.},
    title = "{GJ 1214 reviewed. Trigonometric parallax, stellar parameters, new orbital solution, and bulk properties for the super-Earth GJ 1214b}",
  journal = {\aap},
archivePrefix = "arXiv",
   eprint = {1210.8087},
 primaryClass = "astro-ph.EP",
 keywords = {stars: individual: GJ 1214, astrometry, techniques: radial velocities, stars: late-type},
     year = 2013,
    month = mar,
   volume = 551,
      eid = {A48},
    pages = {A48},
      doi = {10.1051/0004-6361/201219250},
   adsurl = {http://cdsads.u-strasbg.fr/abs/2013A%26A...551A..48A},
  adsnote = {Provided by the SAO/NASA Astrophysics Data System}
}
@ARTICLE{Pineda2013,
   author = {{Pineda}, J.~S. and {Bottom}, M. and {Johnson}, J.~A.},
    title = "{Using High-resolution Optical Spectra to Measure Intrinsic Properties of Low-mass Stars: New Properties for KOI-314 and GJ{\nbsp}3470}",
  journal = {\apj},
archivePrefix = "arXiv",
   eprint = {1302.6231},
 primaryClass = "astro-ph.SR",
 keywords = {brown dwarfs, stars: fundamental parameters, stars: low-mass },
     year = 2013,
    month = apr,
   volume = 767,
      eid = {28},
    pages = {28},
      doi = {10.1088/0004-637X/767/1/28},
   adsurl = {http://adsabs.harvard.edu/abs/2013ApJ...767...28P},
  adsnote = {Provided by the SAO/NASA Astrophysics Data System}
}

@ARTICLE{Gautier2012,
   author = {{Gautier}, III, T.~N. and {Charbonneau}, D. and {Rowe}, J.~F. and 
	{Marcy}, G.~W. and {Isaacson}, H. and {Torres}, G. and {Fressin}, F. and 
	{Rogers}, L.~A. and {D{\'e}sert}, J.-M. and {Buchhave}, L.~A. and 
	{Latham}, D.~W. and {Quinn}, S.~N. and {Ciardi}, D.~R. and {Fabrycky}, D.~C. and 
	{Ford}, E.~B. and {Gilliland}, R.~L. and {Walkowicz}, L.~M. and 
	{Bryson}, S.~T. and {Cochran}, W.~D. and {Endl}, M. and {Fischer}, D.~A. and 
	{Howell}, S.~B. and {Horch}, E.~P. and {Barclay}, T. and {Batalha}, N. and 
	{Borucki}, W.~J. and {Christiansen}, J.~L. and {Geary}, J.~C. and 
	{Henze}, C.~E. and {Holman}, M.~J. and {Ibrahim}, K. and {Jenkins}, J.~M. and 
	{Kinemuchi}, K. and {Koch}, D.~G. and {Lissauer}, J.~J. and 
	{Sanderfer}, D.~T. and {Sasselov}, D.~D. and {Seager}, S. and 
	{Silverio}, K. and {Smith}, J.~C. and {Still}, M. and {Stumpe}, M.~C. and 
	{Tenenbaum}, P. and {Van Cleve}, J.},
    title = "{Kepler-20: A Sun-like Star with Three Sub-Neptune Exoplanets and Two Earth-size Candidates}",
  journal = {\apj},
archivePrefix = "arXiv",
   eprint = {1112.4514},
 primaryClass = "astro-ph.EP",
 keywords = {eclipses, planetary systems, stars: individual: Kepler-20 KIC 6850504 2MASS J19104752+4220194},
     year = 2012,
    month = apr,
   volume = 749,
      eid = {15},
    pages = {15},
      doi = {10.1088/0004-637X/749/1/15},
   adsurl = {http://cdsads.u-strasbg.fr/abs/2012ApJ...749...15G},
  adsnote = {Provided by the SAO/NASA Astrophysics Data System}
}
@ARTICLE{Gilliland2013,
   author = {{Gilliland}, R.~L. and {Marcy}, G.~W. and {Rowe}, J.~F. and 
	{Rogers}, L. and {Torres}, G. and {Fressin}, F. and {Lopez}, E.~D. and 
	{Buchhave}, L.~A. and {Christensen-Dalsgaard}, J. and {D{\'e}sert}, J.-M. and 
	{Henze}, C.~E. and {Isaacson}, H. and {Jenkins}, J.~M. and {Lissauer}, J.~J. and 
	{Chaplin}, W.~J. and {Basu}, S. and {Metcalfe}, T.~S. and {Elsworth}, Y. and 
	{Handberg}, R. and {Hekker}, S. and {Huber}, D. and {Karoff}, C. and 
	{Kjeldsen}, H. and {Lund}, M.~N. and {Lundkvist}, M. and {Miglio}, A. and 
	{Charbonneau}, D. and {Ford}, E.~B. and {Fortney}, J.~J. and 
	{Haas}, M.~R. and {Howard}, A.~W. and {Howell}, S.~B. and {Ragozzine}, D. and 
	{Thompson}, S.~E.},
    title = "{Kepler-68: Three Planets, One with a Density between that of Earth and Ice Giants}",
  journal = {\apj},
archivePrefix = "arXiv",
   eprint = {1302.2596},
 primaryClass = "astro-ph.EP",
 keywords = {planetary systems, stars: fundamental parameters, stars: individual: Kepler-68 KIC 11295426 2MASS J19240775+4902249},
     year = 2013,
    month = mar,
   volume = 766,
      eid = {40},
    pages = {40},
      doi = {10.1088/0004-637X/766/1/40},
   adsurl = {http://cdsads.u-strasbg.fr/abs/2013ApJ...766...40G},
  adsnote = {Provided by the SAO/NASA Astrophysics Data System}
}
